@article{segmentation,
author = {Linda G. Shapiro, George C. Stockman},
title = {Computer Vision},
journal = { New Jersey, Prentice-Hall},
pages = {279--375}, 
year = 2001
}

@article{QiuJenenr,
author = {F. Qiu, J.R. Jensenr},
title = {Opening the black box of neural networks for remote sensing image classification},
journal = {International Journal of Remote Sensing},
volume = 25, 
number = 9, 
pages = { 1749--1768}, 
year = 2004
}

@article{WHDLD,
author = {Shao, Z., Yang, K., Zhou, W.},
title = {Evaluation of Single-Label and Multi-Label Remote Sensing Image Retrieval Using a Dense Labeling Dataset},
journal = {Remote Sensing},
volume = 10, 
number = 6, 
pages = {964}, 
year = 2018
}

@article{neurApproximators,
author = {Hornik, K., Stingchombe, M., and Whitee, H.},
title = {Multilayer feedforward networks are universal approximators},
journal = {Neural Networks},
volume = 2, 
number = 1, 
pages = {359--366}, 
year = 1989
}

@article{classificationObjective,
author = {Hagan, M. T., Demuth, H. B., and Beale, M.},
title = {Neural Network Design},
journal = {(Boston, MA: PWS},
year = 1996
}

@article{impreciseData,
author = {Fausett L.},
title = {Fundamentals of Neural Networks: Architectures, Algorithms, and Applications},
journal = { (Englewood Cliffs, NJ: Prentice Hall)},
year = 1994
}

@misc{long,
 author = {J. Long, E. Shelhamer and T. Darrell},
 title = {Fully convolutional networks for semantic segmentation},
 note = {Proc. IEEE Conf. Comput. Vis. Pattern Recognit. (CVPR), pp. 3431-3440},
 year = 2015
}

@article{deconvolutional,
author = {M. D. Zeiler, G. W. Taylor and R. Fergus},
title = {Adaptive deconvolutional networks for mid and high level feature learning},
journal = {Proc. Int. Conf. Comput. Vis.},
pages = {2018--2025}, 
year = 2011
}

@article{gradientBased,
author = { Y. Lecun, L. Bottou, Y. Bengio and P. Haffner},
title = {Gradient-based learning applied to document recognition},
journal = {Proc. IEEE},
volume = 86, 
number = 1, 
pages = { 2278--2324}, 
year = 1998
}

@article{unet,
author = {O. Ronneberger, P. Fischer and T. Brox},
title = {U-net: Convolutional networks for biomedical image segmentation},
journal = {Proc. Int. Conf. Med. Image Comput. Comput.-Assist. Intervent},
pages = {234--241}, 
year = 2015
}

@article{segnet,
author = {V. Badrinarayanan, A. Kendall and R. Cipolla},
title = {SegNet: A deep convolutional encoder-decoder architecture for image segmentation},
journal = {IEEE Trans. Pattern Anal. Mach. Intell.},
volume = 39, 
number = 12, 
pages = {2481--2495}, 
year = 2017
}

@article{critique,
author = {Andrews, R., Diederich, J., and Tickle, A. B.,},
title = {Survey and critique of techniques for extracting rules form trained artificial neural networks},
journal = {Knowledge-based Systems},
volume = 8,
pages = {373--389}, 
year = 1995
}

@article{dataManual,
author = {Nauck, D., Klawoon, F., and Kruse, R},
title = {Foundation of Neuro-Fuzzy System},
journal = {(Chichester: John Wiley & Sons)},
year = 1997
}

@article{jang,
author = {Jyh-Shing R Jang},
title = {ANFIS Adaptive-Network-based Fuzzy Inference System},
journal = {IEEE Transactions on Systems Man and Cybernetics},
volume = 23, 
number = 3, 
pages = {665--685}, 
year = 1993
}

